@String(PAMI  = {IEEE TPAMI})
@String(IJCV  = {IJCV})
@String(CVPR  = {CVPR})
@String(ICCV  = {ICCV})
@String(ECCV  = {ECCV})
@String(NIPS  = {NeurIPS})
@String(ICPR  = {ICPR})
@String(BMVC  =	{BMVC})
@String(TOG   = {ACM TOG})
@String(TIP   = {IEEE TIP})
@String(TVCG  = {IEEE TVCG})
@String(TCSVT = {IEEE TCSVT})
@String(TMM   =	{IEEE TMM})
@String(ACMMM = {ACM MM})
@String(ICME  =	{ICME})
@String(ICASSP=	{ICASSP})
@String(ICIP  = {ICIP})
@String(ACCV  = {ACCV})
@String(ICLR  = {ICLR})
@String(IJCAI = {IJCAI})
@String(PR = {PR})
@String(AAAI = {AAAI})
@String(CVPRW= {CVPRW})
@String(CSVT = {IEEE TCSVT})



@String(PAMI = {IEEE Trans. Pattern Anal. Mach. Intell.})
@String(IJCV = {Int. J. Comput. Vis.})
@String(CVPR= {IEEE Conf. Comput. Vis. Pattern Recog.})
@String(ICCV= {Int. Conf. Comput. Vis.})
@String(ECCV= {Eur. Conf. Comput. Vis.})
@String(NIPS= {Adv. Neural Inform. Process. Syst.})
@String(ICPR = {Int. Conf. Pattern Recog.})
@String(BMVC= {Brit. Mach. Vis. Conf.})
@String(TOG= {ACM Trans. Graph.})
@String(TIP  = {IEEE Trans. Image Process.})
@String(TVCG  = {IEEE Trans. Vis. Comput. Graph.})
@String(TMM  = {IEEE Trans. Multimedia})
@String(ACMMM= {ACM Int. Conf. Multimedia})
@String(ICME = {Int. Conf. Multimedia and Expo})
@String(ICASSP=	{ICASSP})
@String(ICIP = {IEEE Int. Conf. Image Process.})
@String(ACCV  = {ACCV})
@String(ICLR = {Int. Conf. Learn. Represent.})
@String(IJCAI = {IJCAI})
@String(PR   = {Pattern Recognition})
@String(AAAI = {AAAI})
@String(CVPRW= {IEEE Conf. Comput. Vis. Pattern Recog. Worksh.})
@String(CSVT = {IEEE Trans. Circuit Syst. Video Technol.})

@String(SPL	= {IEEE Sign. Process. Letters})
@String(VR   = {Vis. Res.})
@String(JOV	 = {J. Vis.})
@String(TVC  = {The Vis. Comput.})
@String(JCST  = {J. Comput. Sci. Tech.})
@String(CGF  = {Comput. Graph. Forum})
@String(CVM = {Computational Visual Media})



@misc{Authors14,
 author = {FirstName LastName},
 title = {The frobnicatable foo filter},
 note = {Face and Gesture  submission ID 324. Supplied as additional material {\tt fg324.pdf}},
 year = 2014
}

@misc{Authors14b,
 author = {FirstName LastName},
 title = {Frobnication tutorial},
 note = {Supplied as additional material {\tt tr.pdf}},
 year = 2014
}

@article{Alpher02,
author = {FirstName Alpher},
title = {Frobnication},
journal = PAMI,
volume = 12, 
number = 1, 
pages = {234--778}, 
year = 2002
}

@article{Alpher03,
author = {FirstName Alpher and  FirstName Fotheringham-Smythe},
title = {Frobnication revisited},
journal = {Journal of Foo},
volume = 13, 
number = 1, 
pages = {234--778}, 
year = 2003
}

@article{Alpher04,
author = {FirstName Alpher and FirstName Fotheringham-Smythe and FirstName Gamow},
title = {Can a machine frobnicate?},
journal = {Journal of Foo},
volume = 14, 
number = 1, 
pages = {234--778}, 
year = 2004
}


@misc{russakovsky2015imagenet,
      title={ImageNet Large Scale Visual Recognition Challenge}, 
      author={Olga Russakovsky and Jia Deng and Hao Su and Jonathan Krause and Sanjeev Satheesh and Sean Ma and Zhiheng Huang and Andrej Karpathy and Aditya Khosla and Michael Bernstein and Alexander C. Berg and Li Fei-Fei},
      year={2015},
      eprint={1409.0575},
      archivePrefix={arXiv},
      primaryClass={cs.CV}
}

@misc{vaswani2017attention,
      title={Attention Is All You Need}, 
      author={Ashish Vaswani and Noam Shazeer and Niki Parmar and Jakob Uszkoreit and Llion Jones and Aidan N. Gomez and Lukasz Kaiser and Illia Polosukhin},
      year={2017},
      eprint={1706.03762},
      archivePrefix={arXiv},
      primaryClass={cs.CL}
}


@article{10.1093/bioinformatics/btz083,
    author = {Amgad, Mohamed et al.},
    title = "{Structured crowdsourcing enables convolutional segmentation of histology images}",
    journal = {Bioinformatics},
    volume = {35},
    number = {18},
    pages = {3461-3467},
    year = {2019},
    month = {02}, 
    issn = {1367-4803},
    doi = {10.1093/bioinformatics/btz083},
}

@ARTICLE{8543843,  author={A. {Grote} and N. S. {Schaadt} and G. {Forestier} and C. {Wemmert} and F. {Feuerhake}},  journal={IEEE Transactions on Medical Imaging},   title={Crowdsourcing of Histological Image Labeling and Object Delineation by Medical Students},   year={2019},  volume={38},  number={5},  pages={1284-1294},  doi={10.1109/TMI.2018.2883237}}


 @InProceedings{chan2019histosegnet,
      author = {Chan, Lyndon and Hosseini, Mahdi S. and Rowsell, Corwyn and Plataniotis, Konstantinos N. and Damaskinos, Savvas},
      title = {HistoSegNet: Semantic Segmentation of Histological Tissue Type in Whole Slide Images},
      booktitle = {The IEEE International Conference on Computer Vision (ICCV)},
      month = {October},
      year = {2019}
    }





@ARTICLE{9363570,
  author={Y. {Shen} and J. {Ke}},
  journal={IEEE/ACM Transactions on Computational Biology and Bioinformatics}, 
  title={Sampling Based Tumor Recognition in Whole-slide Histology Image with Deep Learning Approaches}, 
  year={2021},
  volume={},
  number={},
  pages={1-1},
  doi={10.1109/TCBB.2021.3062230}}
  


@article{Randell01,
author = {Rebecca Randell, Roy A. Ruddle, Rhys Thomas \& Darren Treanor},
title = {Diagnosis at the microscope: a workplace study of histopathology.},
journal = {Cognition, Technology \& Work },
volume = 14, 
number = {}, 
pages={319–335}, 
year = 2014
}

@article{XU2014591,
title = {Weakly supervised histopathology cancer image segmentation and classification},
journal = {Medical Image Analysis},
volume = {18},
number = {3},
pages = {591-604},
year = {2014},
issn = {1361-8415},
doi = {https://doi.org/10.1016/j.media.2014.01.010},
author = {Yan Xu and Jun-Yan Zhu and Eric I-Chao Chang and Maode Lai and Zhuowen Tu},
}

@article{KRUPINSKI20061543,
title = {Eye-movement study and human performance using telepathology virtual slides. Implications for medical education and differences with experience},
journal = {Human Pathology},
volume = {37},
number = {12},
pages = {1543-1556},
year = {2006},
issn = {0046-8177},
doi = {https://doi.org/10.1016/j.humpath.2006.08.024},
url = {https://www.sciencedirect.com/science/article/pii/S0046817706005302},
author = {Elizabeth A Krupinski and Allison A. Tillack and Lynne Richter and Jeffrey T. Henderson and Achyut K. Bhattacharyya and Katherine M. Scott and Anna R. Graham and Michael R. Descour and John R. Davis and Ronald S. Weinstein},
}

@misc{cohen2017inductive,
      title={Inductive Bias of Deep Convolutional Networks through Pooling Geometry}, 
      author={Nadav Cohen and Amnon Shashua},
      year={2017},
      eprint={1605.06743},
      archivePrefix={arXiv},
      primaryClass={cs.NE}
}

@misc{devlin2019bert,
      title={BERT: Pre-training of Deep Bidirectional Transformers for Language Understanding}, 
      author={Jacob Devlin and Ming-Wei Chang and Kenton Lee and Kristina Toutanova},
      year={2019},
      eprint={1810.04805},
      archivePrefix={arXiv},
      primaryClass={cs.CL}
}

@article{radford2019language,
  title={Language models are unsupervised multitask learners},
  author={Radford, Alec and Wu, Jeffrey and Child, Rewon and Luan, David and Amodei, Dario and Sutskever, Ilya},
  journal={OpenAI blog},
  volume={1},
  number={8},
  pages={9},
  year={2019}
}

@misc{dosovitskiy2020image,
      title={An Image is Worth 16x16 Words: Transformers for Image Recognition at Scale}, 
      author={Alexey Dosovitskiy and Lucas Beyer and Alexander Kolesnikov and Dirk Weissenborn and Xiaohua Zhai and Thomas Unterthiner and Mostafa Dehghani and Matthias Minderer and Georg Heigold and Sylvain Gelly and Jakob Uszkoreit and Neil Houlsby},
      year={2020},
      eprint={2010.11929},
      archivePrefix={arXiv},
      primaryClass={cs.CV}
}

@misc{touvron2021training,
      title={Training data-efficient image transformers \& distillation through attention}, 
      author={Hugo Touvron and Matthieu Cord and Matthijs Douze and Francisco Massa and Alexandre Sablayrolles and Hervé Jégou},
      year={2021},
      eprint={2012.12877},
      archivePrefix={arXiv},
      primaryClass={cs.CV}
}

@misc{lei2020medical,
      title={Medical Image Segmentation Using Deep Learning: A Survey}, 
      author={Tao Lei and Risheng Wang and Yong Wan and Bingtao Zhang and Hongying Meng and Asoke K. Nandi},
      year={2020},
      eprint={2009.13120},
      archivePrefix={arXiv},
      primaryClass={eess.IV}
}

@article{Fu_2018,
   title={Segmentation of histological images and fibrosis identification with a convolutional neural network},
   volume={98},
   ISSN={0010-4825},
   url={http://dx.doi.org/10.1016/j.compbiomed.2018.05.015},
   DOI={10.1016/j.compbiomed.2018.05.015},
   journal={Computers in Biology and Medicine},
   publisher={Elsevier BV},
   author={Fu, Xiaohang and Liu, Tong and Xiong, Zhaohan and Smaill, Bruce H. and Stiles, Martin K. and Zhao, Jichao},
   year={2018},
   month={Jul},
   pages={147–158}
}

@misc{chen2021transunet,
      title={TransUNet: Transformers Make Strong Encoders for Medical Image Segmentation}, 
      author={Jieneng Chen and Yongyi Lu and Qihang Yu and Xiangde Luo and Ehsan Adeli and Yan Wang and Le Lu and Alan L. Yuille and Yuyin Zhou},
      year={2021},
      eprint={2102.04306},
      archivePrefix={arXiv},
      primaryClass={cs.CV}
}



@article{vu2018methods,
author = {Vu, Quoc Dang et al.},
title = {Methods for Segmentation and Classification of Digital Microscopy Tissue Images},
journal = {Frontiers in bioengineering and biotechnology},
volume = 7, 
number = {},
pages = {}, 
year = {2019},
doi={https://oi:10.3389/fbioe.2019.00053}
}



@article{Xulargescale2017,
author = {Xu Y., Jia Z., Wang LB. et al.},
title = {Large scale tissue histopathology image classification, segmentation, and visualization via deep convolutional activation features.},
journal = {BMC Bioinformatics},
volume = 18, 
number = {}, 
pages = {}, 
year = {2017},
doi={https://doi.org/10.1186/s12859-017-1685-x}
}


@article{SRINIDHI2021101813,
title = {Deep neural network models for computational histopathology: A survey},
journal = {Medical Image Analysis},
volume = {67},
pages = {101813},
year = {2021},
issn = {1361-8415},
doi = {https://doi.org/10.1016/j.media.2020.101813},
url = {https://www.sciencedirect.com/science/article/pii/S1361841520301778},
author = {Chetan L. Srinidhi and Ozan Ciga and Anne L. Martel},

}


@inproceedings{10.1117/12.2581229,
author = {Jonathan Folmsbee and Margaret Brandwein-Weber and Scott Doyle},
title = {{Whole slide semantic segmentation: large scale active learning for digital pathology}},
volume = {11603},
booktitle = {Medical Imaging 2021: Digital Pathology},
editor = {John E. Tomaszewski and Aaron D. Ward},
organization = {International Society for Optics and Photonics},
publisher = {SPIE},
pages = {83 -- 93},
year = {2021},
doi = {10.1117/12.2581229},
URL = {https://doi.org/10.1117/12.2581229}
}

@misc{khened2020generalized,
      title={A Generalized Deep Learning Framework for Whole-Slide Image Segmentation and Analysis}, 
      author={Mahendra Khened and Avinash Kori and Haran Rajkumar and Balaji Srinivasan and Ganapathy Krishnamurthi},
      year={2020},
      eprint={2001.00258},
      archivePrefix={arXiv},
      primaryClass={eess.IV}
}


@ARTICLE{10.3389/fmed.2019.00264,
AUTHOR={Dimitriou, Neofytos and Arandjelović, Ognjen and Caie, Peter D.},
TITLE={Deep Learning for Whole Slide Image Analysis: An Overview},      
JOURNAL={Frontiers in Medicine},      
VOLUME={6},      
PAGES={264},     
YEAR={2019},      
URL={https://www.frontiersin.org/article/10.3389/fmed.2019.00264},       
DOI={10.3389/fmed.2019.00264},      
ISSN={2296-858X},   
  
}

@INPROCEEDINGS{8451551,
  author={C. {Zhang} and Y. {Song} and D. {Zhang} and S. {Liu} and M. {Chen} and W. {Cai}},
  booktitle={2018 25th IEEE International Conference on Image Processing (ICIP)}, 
  title={Whole Slide Image Classification via Iterative Patch Labelling},
  year={2018},
  volume={},
  number={},
  pages={1408-1412},
  doi={10.1109/ICIP.2018.8451551}}
  
  
@article{Guofast2020,
author = {Guo, Zichao et al.},
title = {A Fast and Refined Cancer Regions Segmentation Framework in Whole-slide Breast Pathological Images.},
journal = {Sci Rep.},
volume = 10, 
number = 1, 
pages = {}, 
year = 2020,
doi={10.1038/s41598-020-65026-9}
}



@article{2362108,
author = {Abdullah-Al Nahid, Mohamad Ali Mehrabi, Yinan Kong},
title = {Histopathological Breast Cancer Image Classification by Deep Neural Network Techniques Guided by Local Clustering},
journal = {BioMed Research International},
volume = 2018, 
pages = {20}, 
year = 2018,
doi={https://doi.org/10.1155/2018/2362108}
}

@article{Han2017,
author = {Han Z. et al.},
title = {Breast Cancer Multi-classification from Histopathological Images with Structured Deep Learning Model},
journal = {Sci Rep},
volume = 7, 
pages = {}, 
year = 2017,
doi ={https://doi.org/10.1038/s41598-017-04075-z}
}

@ARTICLE{7312934,

  author={Spanhol, Fabio A. and Oliveira, Luiz S. and Petitjean, Caroline and Heutte, Laurent},
  journal={IEEE Transactions on Biomedical Engineering}, 
  title={A Dataset for Breast Cancer Histopathological Image Classification}, 
  year={2016},
  volume={63},
  number={7},
  pages={1455-1462},
  doi={10.1109/TBME.2015.2496264}}



@article{10.1371/journal.pone.0214587,
    doi = {10.1371/journal.pone.0214587},
    author = {Jiang Yun AND Chen Li AND Zhang Hai AND Xiao Xiao},
    journal = {PLOS ONE},
    publisher = {Public Library of Science},
    title = {Breast cancer histopathological image classification using convolutional neural networks with small SE-ResNet module},
    year = {2019},
    month = {03},
    volume = {14},
    url = {https://doi.org/10.1371/journal.pone.0214587},
    pages = {1-21},
    number = {3}
}

@INPROCEEDINGS {7780635,
author = {L. Hou and D. Samaras and T. M. Kurc and Y. Gao and J. E. Davis and J. H. Saltz},
booktitle = {2016 IEEE Conference on Computer Vision and Pattern Recognition (CVPR)},
title = {Patch-Based Convolutional Neural Network for Whole Slide Tissue Image Classification},
year = {2016},
volume = {},
issn = {1063-6919},
pages = {2424-2433},
doi = {10.1109/CVPR.2016.266},
url = {https://doi.ieeecomputersociety.org/10.1109/CVPR.2016.266},
publisher = {IEEE Computer Society},
address = {Los Alamitos, CA, USA},
month = {jun}
}


@ARTICLE{6729079,  author={M. {Veta} and J. P. W. {Pluim} and P. J. {van Diest} and M. A. {Viergever}},  journal={IEEE Transactions on Biomedical Engineering},   title={Breast Cancer Histopathology Image Analysis: A Review},   year={2014},  volume={61},  number={5},  pages={1400-1411},  doi={10.1109/TBME.2014.2303852}}

@ARTICLE{9218931,  author={F. {Shahidi} and S. {Mohd Daud} and H. {Abas} and N. A. {Ahmad} and N. {Maarop}},  journal={IEEE Access},   title={Breast Cancer Classification Using Deep Learning Approaches and Histopathology Image: A Comparison Study},   year={2020},  volume={8},  number={},  pages={187531-187552},  doi={10.1109/ACCESS.2020.3029881}}


@Article{s20164373,
AUTHOR = {Hameed, Zabit and Zahia, Sofia and Garcia-Zapirain, Begonya and Javier Aguirre, José and María Vanegas, Ana},
TITLE = {Breast Cancer Histopathology Image Classification Using an Ensemble of Deep Learning Models},
JOURNAL = {Sensors},
VOLUME = {20},
YEAR = {2020},
NUMBER = {16},
ARTICLE-NUMBER = {4373},
URL = {https://www.mdpi.com/1424-8220/20/16/4373},
ISSN = {1424-8220},
DOI = {10.3390/s20164373}
}

@article{PRIEGOTORRES2020113387,
title = {Automatic segmentation of whole-slide H\&E stained breast histopathology images using a deep convolutional neural network architecture},
journal = {Expert Systems with Applications},
volume = {151},
pages = {113387},
year = {2020},
issn = {0957-4174},
doi = {https://doi.org/10.1016/j.eswa.2020.113387},
url = {https://www.sciencedirect.com/science/article/pii/S0957417420302116},
author = {Blanca Maria Priego-Torres and Daniel Sanchez-Morillo and Miguel Angel Fernandez-Granero and Marcial Garcia-Rojo},

}



@article{BENHAMMOU20209,
title = {BreakHis based breast cancer automatic diagnosis using deep learning: Taxonomy, survey and insights},
journal = {Neurocomputing},
volume = {375},
pages = {9-24},
year = {2020},
issn = {0925-2312},
doi = {https://doi.org/10.1016/j.neucom.2019.09.044},
url = {https://www.sciencedirect.com/science/article/pii/S0925231219313128},
author = {Yassir Benhammou and Boujemâa Achchab and Francisco Herrera and Siham Tabik},

}

@misc{alom2018breast,
      title={Breast Cancer Classification from Histopathological Images with Inception Recurrent Residual Convolutional Neural Network}, 
      author={Md Zahangir Alom and Chris Yakopcic and Tarek M. Taha and Vijayan K. Asari},
      year={2018},
      eprint={1811.04241},
      archivePrefix={arXiv},
      primaryClass={cs.CV}
}

 

@misc{yuan2021tokenstotoken,
    title     = {Tokens-to-Token ViT: Training Vision Transformers from Scratch on ImageNet},
    author    = {Li Yuan and Yunpeng Chen and Tao Wang and Weihao Yu and Yujun Shi and Francis EH Tay and Jiashi Feng and Shuicheng Yan},
    year      = {2021},
    eprint    = {2101.11986},
    archivePrefix = {arXiv},
    primaryClass = {cs.CV}
}

@misc{zhou2021deepvit,
    title   = {DeepViT: Towards Deeper Vision Transformer},
    author  = {Daquan Zhou and Bingyi Kang and Xiaojie Jin and Linjie Yang and Xiaochen Lian and Qibin Hou and Jiashi Feng},
    year    = {2021},
    eprint  = {2103.11886},
    archivePrefix = {arXiv},
    primaryClass = {cs.CV}
}

@misc{touvron2021going,
    title   = {Going deeper with Image Transformers}, 
    author  = {Hugo Touvron and Matthieu Cord and Alexandre Sablayrolles and Gabriel Synnaeve and Hervé Jégou},
    year    = {2021},
    eprint  = {2103.17239},
    archivePrefix = {arXiv},
    primaryClass = {cs.CV}
}

@misc{chen2021crossvit,
    title   = {CrossViT: Cross-Attention Multi-Scale Vision Transformer for Image Classification},
    author  = {Chun-Fu Chen and Quanfu Fan and Rameswar Panda},
    year    = {2021},
    eprint  = {2103.14899},
    archivePrefix = {arXiv},
    primaryClass = {cs.CV}
}

@misc{wu2021cvt,
    title   = {CvT: Introducing Convolutions to Vision Transformers},
    author  = {Haiping Wu and Bin Xiao and Noel Codella and Mengchen Liu and Xiyang Dai and Lu Yuan and Lei Zhang},
    year    = {2021},
    eprint  = {2103.15808},
    archivePrefix = {arXiv},
    primaryClass = {cs.CV}
}

@ARTICLE{8353225,

  author={Bardou, Dalal and Zhang, Kun and Ahmad, Sayed Mohammad},

  journal={IEEE Access}, 

  title={Classification of Breast Cancer Based on Histology Images Using Convolutional Neural Networks}, 

  year={2018},

  volume={6},

  number={},

  pages={24680-24693},

  doi={10.1109/ACCESS.2018.2831280}}




@article{Xie2019,
author = {Xie Juanying et al.},
title = {Deep Learning Based Analysis of Histopathological Images of Breast Cancer},
journal = {JFrontiers in genetics},
volume = 10, 
number = 80, 
pages = {}, 
year = 2019,
doi={https//doi:10.3389/fgene.2019.00080}
}

@misc{ronneberger2015unet,
      title={U-Net: Convolutional Networks for Biomedical Image Segmentation}, 
      author={Olaf Ronneberger and Philipp Fischer and Thomas Brox},
      year={2015},
      eprint={1505.04597},
      archivePrefix={arXiv},
      primaryClass={cs.CV}
}



@article{Alpher04,
author = {FirstName Alpher and FirstName Fotheringham-Smythe and FirstName Gamow},
title = {Can a machine frobnicate?},
journal = {Journal of Foo},
volume = 14, 
number = 1, 
pages = {234--778}, 
year = 2004
}